@INPROCEEDINGS{dunlc15,
   author = {{Dunlap}, B.~H. and {Clemens}, J.~C.},
    title = "{Hot DQ White Dwarf Stars as Failed Type Ia Supernovae}",
booktitle = {19th European Workshop on White Dwarfs},
     year = 2015,
   series = {Astronomical Society of the Pacific Conference Series},
   volume = 493,
   editor = {{Dufour}, P. and {Bergeron}, P. and {Fontaine}, G.},
    month = jun,
    pages = {547},
   adsurl = {http://adsabs.harvard.edu/abs/2015ASPC..493..547D},
  adsnote = {Provided by the SAO/NASA Astrophysics Data System}
}

@ARTICLE{maozmn14,
   author = {{Maoz}, D. and {Mannucci}, F. and {Nelemans}, G.},
    title = "{Observational Clues to the Progenitors of Type Ia Supernovae}",
  journal = {\araa},
archivePrefix = "arXiv",
   eprint = {1312.0628},
     year = 2014,
    month = aug,
   volume = 52,
    pages = {107-170},
      doi = {10.1146/annurev-astro-082812-141031},
   adsurl = {http://adsabs.harvard.edu/abs/2014ARA%26A..52..107M},
  adsnote = {Provided by the SAO/NASA Astrophysics Data System}
}

@ARTICLE{ross14,
   author = {{Rosswog}, S.},
    title = "{SPH Methods in the Modelling of Compact Objects}",
  journal = {ArXiv e-prints},
archivePrefix = "arXiv",
   eprint = {1406.4224},
 primaryClass = "astro-ph.IM",
 keywords = {Astrophysics - Instrumentation and Methods for Astrophysics, Astrophysics - High Energy Astrophysical Phenomena},
     year = 2014,
    month = jun,
   adsurl = {http://adsabs.harvard.edu/abs/2014arXiv1406.4224R},
  adsnote = {Provided by the SAO/NASA Astrophysics Data System}
}

@ARTICLE{rask+14,
   author = {{Raskin}, C. and {Kasen}, D. and {Moll}, R. and {Schwab}, J. and 
	{Woosley}, S.},
    title = "{Type Ia Supernovae from Merging White Dwarfs. II. Post-merger Detonations}",
  journal = {\apj},
archivePrefix = "arXiv",
   eprint = {1312.3649},
 primaryClass = "astro-ph.HE",
 keywords = {hydrodynamics, nuclear reactions, nucleosynthesis, abundances, supernovae: general, white dwarfs},
     year = 2014,
    month = jun,
   volume = 788,
      eid = {75},
    pages = {75},
      doi = {10.1088/0004-637X/788/1/75},
   adsurl = {http://adsabs.harvard.edu/abs/2014ApJ...788...75R},
  adsnote = {Provided by the SAO/NASA Astrophysics Data System}
}

@ARTICLE{moll+14,
   author = {{Moll}, R. and {Raskin}, C. and {Kasen}, D. and {Woosley}, S.~E.
	},
    title = "{Type Ia Supernovae from Merging White Dwarfs. I. Prompt Detonations}",
  journal = {\apj},
archivePrefix = "arXiv",
   eprint = {1311.5008},
 primaryClass = "astro-ph.HE",
 keywords = {hydrodynamics, nuclear reactions, nucleosynthesis, abundances, shock waves, supernovae: general, white dwarfs},
     year = 2014,
    month = apr,
   volume = 785,
      eid = {105},
    pages = {105},
      doi = {10.1088/0004-637X/785/2/105},
   adsurl = {http://adsabs.harvard.edu/abs/2014ApJ...785..105M},
  adsnote = {Provided by the SAO/NASA Astrophysics Data System}
}

@ARTICLE{dan+14,
   author = {{Dan}, M. and {Rosswog}, S. and {Br{\"u}ggen}, M. and {Podsiadlowski}, P.
	},
    title = "{The structure and fate of white dwarf merger remnants}",
  journal = {\mnras},
archivePrefix = "arXiv",
   eprint = {1308.1667},
 primaryClass = "astro-ph.HE",
 keywords = {accretion, accretion disks, hydrodynamics, nuclear reactions, nucleosynthesis, abundances, white dwarfs},
     year = 2014,
    month = feb,
   volume = 438,
    pages = {14-34},
      doi = {10.1093/mnras/stt1766},
   adsurl = {http://adsabs.harvard.edu/abs/2014MNRAS.438...14D},
  adsnote = {Provided by the SAO/NASA Astrophysics Data System}
}

@ARTICLE{marips14,
   author = {{Marinacci}, F. and {Pakmor}, R. and {Springel}, V.},
    title = "{The formation of disc galaxies in high-resolution moving-mesh cosmological simulations}",
  journal = {\mnras},
archivePrefix = "arXiv",
   eprint = {1305.5360},
 keywords = {methods: numerical, galaxies: evolution, galaxies: formation, galaxies: spiral},
     year = 2014,
    month = jan,
   volume = 437,
    pages = {1750-1775},
      doi = {10.1093/mnras/stt2003},
   adsurl = {http://adsabs.harvard.edu/abs/2014MNRAS.437.1750M},
  adsnote = {Provided by the SAO/NASA Astrophysics Data System}
}

@ARTICLE{rask+13,
   author = {{Raskin}, C. and {Kasen}, D. and {Moll}, R. and {Schwab}, J. and 
	{Woosley}, S.},
    title = "{Type Ia Supernovae from Merging White Dwarfs II) Post-Merger Detonations}",
  journal = {ArXiv e-prints},
archivePrefix = "arXiv",
   eprint = {1312.3649},
 primaryClass = "astro-ph.HE",
 keywords = {Astrophysics - High Energy Astrophysical Phenomena, Astrophysics - Solar and Stellar Astrophysics},
     year = 2013,
    month = dec,
   adsurl = {http://adsabs.harvard.edu/abs/2013arXiv1312.3649R},
  adsnote = {Provided by the SAO/NASA Astrophysics Data System}
}

@ARTICLE{hayw+13,
   author = {{Hayward}, C.~C. and {Torrey}, P. and {Springel}, V. and {Hernquist}, L. and 
	{Vogelsberger}, M.},
    title = "{Galaxy mergers on a moving mesh: a comparison with smoothed-particle hydrodynamics}",
  journal = {ArXiv e-prints},
archivePrefix = "arXiv",
   eprint = {1309.2942},
 keywords = {Astrophysics - Cosmology and Nongalactic Astrophysics, Astrophysics - Instrumentation and Methods for Astrophysics, Physics - Fluid Dynamics},
     year = 2013,
    month = sep,
   adsurl = {http://adsabs.harvard.edu/abs/2013arXiv1309.2942H},
  adsnote = {Provided by the SAO/NASA Astrophysics Data System}
}

@ARTICLE{ji+13,
   author = {{Ji}, S. and {Fisher}, R.~T. and {Garc{\'{\i}}a-Berro}, E. and 
	{Tzeferacos}, P. and {Jordan}, G. and {Lee}, D. and {Lor{\'e}n-Aguilar}, P. and 
	{Cremer}, P. and {Behrends}, J.},
    title = "{The Post-merger Magnetized Evolution of White Dwarf Binaries: The Double-degenerate Channel of Sub-Chandrasekhar Type Ia Supernovae and the Formation of Magnetized White Dwarfs}",
  journal = {\apj},
archivePrefix = "arXiv",
   eprint = {1302.5700},
 primaryClass = "astro-ph.SR",
 keywords = {ISM: supernova remnants, magnetohydrodynamics: MHD, supernovae: general, supernovae: individual: 2011fe, white dwarfs },
     year = 2013,
    month = aug,
   volume = 773,
      eid = {136},
    pages = {136},
      doi = {10.1088/0004-637X/773/2/136},
   adsurl = {http://adsabs.harvard.edu/abs/2013ApJ...773..136J},
  adsnote = {Provided by the SAO/NASA Astrophysics Data System}
}

@ARTICLE{burk+13,
   author = {{Burkart}, J. and {Quataert}, E. and {Arras}, P. and {Weinberg}, N.~N.
	},
    title = "{Tidal resonance locks in inspiraling white dwarf binaries}",
  journal = {\mnras},
archivePrefix = "arXiv",
   eprint = {1211.1393},
 primaryClass = "astro-ph.SR",
 keywords = {instabilities, waves, white dwarfs},
     year = 2013,
    month = jul,
   volume = 433,
    pages = {332-352},
      doi = {10.1093/mnras/stt726},
   adsurl = {http://adsabs.harvard.edu/abs/2013MNRAS.433..332B},
  adsnote = {Provided by the SAO/NASA Astrophysics Data System}
}

@ARTICLE{hubbfg13,
   author = {{Hubber}, D.~A. and {Falle}, S.~A.~E.~G. and {Goodwin}, S.~P.
	},
    title = "{Convergence of AMR and SPH simulations - I. Hydrodynamical resolution and convergence tests}",
  journal = {\mnras},
archivePrefix = "arXiv",
   eprint = {1304.3456},
 primaryClass = "astro-ph.IM",
 keywords = {hydrodynamics, instabilities, methods: numerical},
     year = 2013,
    month = jun,
   volume = 432,
    pages = {711-727},
      doi = {10.1093/mnras/stt509},
   adsurl = {http://adsabs.harvard.edu/abs/2013MNRAS.432..711H},
  adsnote = {Provided by the SAO/NASA Astrophysics Data System}
}

@ARTICLE{pakmv13,
   author = {{Pakmor}, R. and {Springel}, V.},
    title = "{Simulations of magnetic fields in isolated disc galaxies}",
  journal = {\mnras},
archivePrefix = "arXiv",
   eprint = {1212.1452},
 primaryClass = "astro-ph.CO",
 keywords = {MHD, methods: numerical, galaxies: formation},
     year = 2013,
    month = jun,
   volume = 432,
    pages = {176-193},
      doi = {10.1093/mnras/stt428},
   adsurl = {http://adsabs.harvard.edu/abs/2013MNRAS.432..176P},
  adsnote = {Provided by the SAO/NASA Astrophysics Data System}
}

@ARTICLE{pakm+13,
   author = {{Pakmor}, R. and {Kromer}, M. and {Taubenberger}, S. and {Springel}, V.
	},
    title = "{Helium-ignited Violent Mergers as a Unified Model for Normal and Rapidly Declining Type Ia Supernovae}",
  journal = {\apjl},
archivePrefix = "arXiv",
   eprint = {1302.2913},
 primaryClass = "astro-ph.HE",
 keywords = {binaries: general, supernovae: general, white dwarfs},
     year = 2013,
    month = jun,
   volume = 770,
      eid = {L8},
    pages = {L8},
      doi = {10.1088/2041-8205/770/1/L8},
   adsurl = {http://adsabs.harvard.edu/abs/2013ApJ...770L...8P},
  adsnote = {Provided by the SAO/NASA Astrophysics Data System}
}

@ARTICLE{kule+13,
   author = {{K{\"u}lebi}, B. and {Ek{\c s}i}, K.~Y. and {Lor{\'e}n-Aguilar}, P. and 
	{Isern}, J. and {Garc{\'{\i}}a-Berro}, E.},
    title = "{Magnetic white dwarfs with debris discs}",
  journal = {\mnras},
archivePrefix = "arXiv",
   eprint = {1302.6468},
 primaryClass = "astro-ph.SR",
 keywords = {accretion, accretion discs, stars: magnetic field, white dwarfs},
     year = 2013,
    month = may,
   volume = 431,
    pages = {2778-2788},
      doi = {10.1093/mnras/stt374},
   adsurl = {http://adsabs.harvard.edu/abs/2013MNRAS.431.2778K},
  adsnote = {Provided by the SAO/NASA Astrophysics Data System}
}

@ARTICLE{maed+13,
   author = {{Maeder}, A. and {Meynet}, G. and {Lagarde}, N. and {Charbonnel}, C.
	},
    title = "{The thermohaline, Richardson, Rayleigh-Taylor, Solberg-H{\o}iland, and GSF criteria in rotating stars}",
  journal = {\aap},
archivePrefix = "arXiv",
   eprint = {1303.3230},
 primaryClass = "astro-ph.SR",
 keywords = {convection, hydrodynamics, instabilities, turbulence},
     year = 2013,
    month = may,
   volume = 553,
      eid = {A1},
    pages = {A1},
      doi = {10.1051/0004-6361/201220936},
   adsurl = {http://adsabs.harvard.edu/abs/2013A%26A...553A...1M},
  adsnote = {Provided by the SAO/NASA Astrophysics Data System}
}

@ARTICLE{vker13,
   author = {{van Kerkwijk}, M.~H.},
    title = "{Merging white dwarfs and thermonuclear supernovae}",
  journal = {Philosophical Transactions of the Royal Society of London Series A},
archivePrefix = "arXiv",
   eprint = {1206.1605},
 primaryClass = "astro-ph.HE",
     year = 2013,
    month = apr,
   volume = 371,
    pages = {20236},
      doi = {10.1098/rsta.2012.0236},
   adsurl = {http://adsabs.harvard.edu/abs/2013RSPTA.37120236V},
  adsnote = {Provided by the SAO/NASA Astrophysics Data System}
}

@ARTICLE{hill+13,
   author = {{Hillebrandt}, W. and {Kromer}, M. and {R{\"o}pke}, F.~K. and 
	{Ruiter}, A.~J.},
    title = "{Towards an understanding of Type Ia supernovae from a synthesis of theory and observations}",
  journal = {Frontiers of Physics},
archivePrefix = "arXiv",
   eprint = {1302.6420},
 primaryClass = "astro-ph.CO",
 keywords = {supernovae, nucleosynthesis, stellar evolution, binary and multiple stars, nuclear reactions},
     year = 2013,
    month = apr,
   volume = 8,
    pages = {116-143},
      doi = {10.1007/s11467-013-0303-2},
   adsurl = {http://adsabs.harvard.edu/abs/2013FrPhy...8..116H},
  adsnote = {Provided by the SAO/NASA Astrophysics Data System}
}

@ARTICLE{zhu+13,
   author = {{Zhu}, C. and {Chang}, P. and {van Kerkwijk}, M.~H. and {Wadsley}, J.
	},
    title = "{A Parameter-space Study of Carbon-Oxygen White Dwarf Mergers}",
  journal = {\apj},
archivePrefix = "arXiv",
   eprint = {1210.3616},
 primaryClass = "astro-ph.SR",
 keywords = {binaries: close, hydrodynamics, supernovae: general, white dwarfs },
     year = 2013,
    month = apr,
   volume = 767,
      eid = {164},
    pages = {164},
      doi = {10.1088/0004-637X/767/2/164},
   adsurl = {http://adsabs.harvard.edu/abs/2013ApJ...767..164Z},
  adsnote = {Provided by the SAO/NASA Astrophysics Data System}
}

@ARTICLE{nels+13,
   author = {{Nelson}, D. and {Vogelsberger}, M. and {Genel}, S. and {Sijacki}, D. and 
	{Kere{\v s}}, D. and {Springel}, V. and {Hernquist}, L.},
    title = "{Moving mesh cosmology: tracing cosmological gas accretion}",
  journal = {\mnras},
archivePrefix = "arXiv",
   eprint = {1301.6753},
 primaryClass = "astro-ph.CO",
 keywords = {methods: numerical, galaxies: evolution, galaxies: formation, galaxies: haloes, cosmology: theory},
     year = 2013,
    month = mar,
   volume = 429,
    pages = {3353-3370},
      doi = {10.1093/mnras/sts595},
   adsurl = {http://adsabs.harvard.edu/abs/2013MNRAS.429.3353N},
  adsnote = {Provided by the SAO/NASA Astrophysics Data System}
}

@ARTICLE{hopk13,
   author = {{Hopkins}, P.~F.},
    title = "{A general class of Lagrangian smoothed particle hydrodynamics methods and implications for fluid mixing problems}",
  journal = {\mnras},
archivePrefix = "arXiv",
   eprint = {1206.5006},
 primaryClass = "astro-ph.IM",
 keywords = {hydrodynamics, instabilities, turbulence, methods: numerical, cosmology: theory},
     year = 2013,
    month = feb,
   volume = 428,
    pages = {2840-2856},
      doi = {10.1093/mnras/sts210},
   adsurl = {http://adsabs.harvard.edu/abs/2013MNRAS.428.2840H},
  adsnote = {Provided by the SAO/NASA Astrophysics Data System}
}

@INPROCEEDINGS{clay13,
   author = {{Clayton}, G.~C.},
    title = "{Are the R Coronae Borealis Stars Produced by White Dwarf Mergers?}",
booktitle = {18th European White Dwarf Workshop.},
     year = 2013,
   series = {Astronomical Society of the Pacific Conference Series},
   volume = 469,
    month = jan,
    pages = {133},
   adsurl = {http://adsabs.harvard.edu/abs/2013ASPC..469..133C},
  adsnote = {Provided by the SAO/NASA Astrophysics Data System}
}

@ARTICLE{schw+12,
   author = {{Schwab}, J. and {Shen}, K.~J. and {Quataert}, E. and {Dan}, M. and 
	{Rosswog}, S.},
    title = "{The viscous evolution of white dwarf merger remnants}",
  journal = {\mnras},
archivePrefix = "arXiv",
   eprint = {1207.0512},
 primaryClass = "astro-ph.HE",
 keywords = {hydrodynamics, supernovae: general, white dwarfs},
     year = 2012,
    month = nov,
   volume = 427,
    pages = {190-203},
      doi = {10.1111/j.1365-2966.2012.21993.x},
   adsurl = {http://adsabs.harvard.edu/abs/2012MNRAS.427..190S},
  adsnote = {Provided by the SAO/NASA Astrophysics Data System}
}

@ARTICLE{voge+12,
   author = {{Vogelsberger}, M. and {Sijacki}, D. and {Kere{\v s}}, D. and 
	{Springel}, V. and {Hernquist}, L.},
    title = "{Moving mesh cosmology: numerical techniques and global statistics}",
  journal = {\mnras},
archivePrefix = "arXiv",
   eprint = {1109.1281},
 keywords = {methods: numerical, galaxies: formation, dark matter},
     year = 2012,
    month = oct,
   volume = 425,
    pages = {3024-3057},
      doi = {10.1111/j.1365-2966.2012.21590.x},
   adsurl = {http://adsabs.harvard.edu/abs/2012MNRAS.425.3024V},
  adsnote = {Provided by the SAO/NASA Astrophysics Data System}
}

@ARTICLE{dehna12,
   author = {{Dehnen}, W. and {Aly}, H.},
    title = "{Improving convergence in smoothed particle hydrodynamics simulations without pairing instability}",
  journal = {\mnras},
archivePrefix = "arXiv",
   eprint = {1204.2471},
 primaryClass = "astro-ph.IM",
 keywords = {hydrodynamics, methods: numerical },
     year = 2012,
    month = sep,
   volume = 425,
    pages = {1068-1082},
      doi = {10.1111/j.1365-2966.2012.21439.x},
   adsurl = {http://adsabs.harvard.edu/abs/2012MNRAS.425.1068D},
  adsnote = {Provided by the SAO/NASA Astrophysics Data System}
}

@ARTICLE{kleyn12,
   author = {{Kley}, W. and {Nelson}, R.~P.},
    title = "{Planet-Disk Interaction and Orbital Evolution}",
  journal = {\araa},
archivePrefix = "arXiv",
   eprint = {1203.1184},
 primaryClass = "astro-ph.EP",
     year = 2012,
    month = sep,
   volume = 50,
    pages = {211-249},
      doi = {10.1146/annurev-astro-081811-125523},
   adsurl = {http://adsabs.harvard.edu/abs/2012ARA%26A..50..211K},
  adsnote = {Provided by the SAO/NASA Astrophysics Data System}
}

@ARTICLE{baues12,
   author = {{Bauer}, A. and {Springel}, V.},
    title = "{Subsonic turbulence in smoothed particle hydrodynamics and moving-mesh simulations}",
  journal = {\mnras},
archivePrefix = "arXiv",
   eprint = {1109.4413},
 keywords = {hydrodynamics, shock waves, turbulence, methods: numerical},
     year = 2012,
    month = jul,
   volume = 423,
    pages = {2558-2578},
      doi = {10.1111/j.1365-2966.2012.21058.x},
   adsurl = {http://adsabs.harvard.edu/abs/2012MNRAS.423.2558B},
  adsnote = {Provided by the SAO/NASA Astrophysics Data System}
}

@ARTICLE{dan+12,
   author = {{Dan}, M. and {Rosswog}, S. and {Guillochon}, J. and {Ramirez-Ruiz}, E.
	},
    title = "{How the merger of two white dwarfs depends on their mass ratio: orbital stability and detonations at contact}",
  journal = {\mnras},
archivePrefix = "arXiv",
   eprint = {1201.2406},
 primaryClass = "astro-ph.HE",
 keywords = {hydrodynamics, nuclear reactions, nucleosynthesis, abundances, supernovae: general, white dwarfs},
     year = 2012,
    month = may,
   volume = 422,
    pages = {2417-2428},
      doi = {10.1111/j.1365-2966.2012.20794.x},
   adsurl = {http://adsabs.harvard.edu/abs/2012MNRAS.422.2417D},
  adsnote = {Provided by the SAO/NASA Astrophysics Data System}
}

@ARTICLE{badem12,
   author = {{Badenes}, C. and {Maoz}, D.},
    title = "{The Merger Rate of Binary White Dwarfs in the Galactic Disk}",
  journal = {\apjl},
archivePrefix = "arXiv",
   eprint = {1202.5472},
 primaryClass = "astro-ph.SR",
 keywords = {binaries: close, white dwarfs, supernovae: general},
     year = 2012,
    month = apr,
   volume = 749,
      eid = {L11},
    pages = {L11},
      doi = {10.1088/2041-8205/749/1/L11},
   adsurl = {http://adsabs.harvard.edu/abs/2012ApJ...749L..11B},
  adsnote = {Provided by the SAO/NASA Astrophysics Data System}
}

@ARTICLE{garc+12,
   author = {{Garc{\'{\i}}a-Berro}, E. and {Lor{\'e}n-Aguilar}, P. and {Aznar-Sigu{\'a}n}, G. and 
	{Torres}, S. and {Camacho}, J. and {Althaus}, L.~G. and {C{\'o}rsico}, A.~H. and 
	{K{\"u}lebi}, B. and {Isern}, J.},
    title = "{Double Degenerate Mergers as Progenitors of High-field Magnetic White Dwarfs}",
  journal = {\apj},
archivePrefix = "arXiv",
   eprint = {1202.0461},
 primaryClass = "astro-ph.SR",
 keywords = {binaries: general, stars: evolution, stars: interiors, stars: magnetic field, stars: rotation, white dwarfs},
     year = 2012,
    month = apr,
   volume = 749,
      eid = {25},
    pages = {25},
      doi = {10.1088/0004-637X/749/1/25},
   adsurl = {http://adsabs.harvard.edu/abs/2012ApJ...749...25G},
  adsnote = {Provided by the SAO/NASA Astrophysics Data System}
}

@ARTICLE{fulll12,
   author = {{Fuller}, J. and {Lai}, D.},
    title = "{Dynamical tides in compact white dwarf binaries: tidal synchronization and dissipation}",
  journal = {\mnras},
archivePrefix = "arXiv",
   eprint = {1108.4910},
 primaryClass = "astro-ph.SR",
 keywords = {hydrodynamics, waves, binaries: close, stars: kinematics and dynamics, white dwarfs},
     year = 2012,
    month = mar,
   volume = 421,
    pages = {426-445},
      doi = {10.1111/j.1365-2966.2011.20320.x},
   adsurl = {http://adsabs.harvard.edu/abs/2012MNRAS.421..426F},
  adsnote = {Provided by the SAO/NASA Astrophysics Data System}
}

@ARTICLE{shen+12,
   author = {{Shen}, K.~J. and {Bildsten}, L. and {Kasen}, D. and {Quataert}, E.
	},
    title = "{The Long-term Evolution of Double White Dwarf Mergers}",
  journal = {\apj},
archivePrefix = "arXiv",
   eprint = {1108.4036},
 primaryClass = "astro-ph.HE",
 keywords = {binaries: close, nuclear reactions, nucleosynthesis, abundances, supernovae: general, white dwarfs},
     year = 2012,
    month = mar,
   volume = 748,
      eid = {35},
    pages = {35},
      doi = {10.1088/0004-637X/748/1/35},
   adsurl = {http://adsabs.harvard.edu/abs/2012ApJ...748...35S},
  adsnote = {Provided by the SAO/NASA Astrophysics Data System}
}

@ARTICLE{pakm+12,
   author = {{Pakmor}, R. and {Kromer}, M. and {Taubenberger}, S. and {Sim}, S.~A. and 
	{R{\"o}pke}, F.~K. and {Hillebrandt}, W.},
    title = "{Normal Type Ia Supernovae from Violent Mergers of White Dwarf Binaries}",
  journal = {\apjl},
archivePrefix = "arXiv",
   eprint = {1201.5123},
 primaryClass = "astro-ph.HE",
 keywords = {binaries: close, hydrodynamics, radiative transfer, supernovae: general},
     year = 2012,
    month = mar,
   volume = 747,
      eid = {L10},
    pages = {L10},
      doi = {10.1088/2041-8205/747/1/L10},
   adsurl = {http://adsabs.harvard.edu/abs/2012ApJ...747L..10P},
  adsnote = {Provided by the SAO/NASA Astrophysics Data System}
}

@ARTICLE{rask+12,
   author = {{Raskin}, C. and {Scannapieco}, E. and {Fryer}, C. and {Rockefeller}, G. and 
	{Timmes}, F.~X.},
    title = "{Remnants of Binary White Dwarf Mergers}",
  journal = {\apj},
archivePrefix = "arXiv",
   eprint = {1112.1420},
 primaryClass = "astro-ph.HE",
 keywords = {hydrodynamics, nuclear reactions, nucleosynthesis, abundances, supernovae: general, white dwarfs},
     year = 2012,
    month = feb,
   volume = 746,
      eid = {62},
    pages = {62},
      doi = {10.1088/0004-637X/746/1/62},
   adsurl = {http://adsabs.harvard.edu/abs/2012ApJ...746...62R},
  adsnote = {Provided by the SAO/NASA Astrophysics Data System}
}

@ARTICLE{bloo+12,
   author = {{Bloom}, J.~S. and {Kasen}, D. and {Shen}, K.~J. and {Nugent}, P.~E. and 
	{Butler}, N.~R. and {Graham}, M.~L. and {Howell}, D.~A. and 
	{Kolb}, U. and {Holmes}, S. and {Haswell}, C.~A. and {Burwitz}, V. and 
	{Rodriguez}, J. and {Sullivan}, M.},
    title = "{A Compact Degenerate Primary-star Progenitor of SN 2011fe}",
  journal = {\apjl},
archivePrefix = "arXiv",
   eprint = {1111.0966},
 primaryClass = "astro-ph.HE",
 keywords = {supernovae: individual: 2011fe white dwarfs, supernovae: general},
     year = 2012,
    month = jan,
   volume = 744,
      eid = {L17},
    pages = {L17},
      doi = {10.1088/2041-8205/744/2/L17},
   adsurl = {http://adsabs.harvard.edu/abs/2012ApJ...744L..17B},
  adsnote = {Provided by the SAO/NASA Astrophysics Data System}
}

@ARTICLE{duffm11,
   author = {{Duffell}, P.~C. and {MacFadyen}, A.~I.},
    title = "{TESS: A Relativistic Hydrodynamics Code on a Moving Voronoi Mesh}",
  journal = {\apjs},
archivePrefix = "arXiv",
   eprint = {1104.3562},
 primaryClass = "astro-ph.HE",
 keywords = {hydrodynamics, methods: numerical},
     year = 2011,
    month = dec,
   volume = 197,
      eid = {15},
    pages = {15},
      doi = {10.1088/0067-0049/197/2/15},
   adsurl = {http://adsabs.harvard.edu/abs/2011ApJS..197...15D},
  adsnote = {Provided by the SAO/NASA Astrophysics Data System}
}

@ARTICLE{ruit+11,
   author = {{Ruiter}, A.~J. and {Belczynski}, K. and {Sim}, S.~A. and {Hillebrandt}, W. and 
	{Fryer}, C.~L. and {Fink}, M. and {Kromer}, M.},
    title = "{Delay times and rates for Type Ia supernovae and thermonuclear explosions from double-detonation sub-Chandrasekhar mass models}",
  journal = {\mnras},
archivePrefix = "arXiv",
   eprint = {1011.1407},
 primaryClass = "astro-ph.SR",
 keywords = {binaries: close, stars: evolution, supernovae: general, white dwarfs},
     year = 2011,
    month = oct,
   volume = 417,
    pages = {408-419},
      doi = {10.1111/j.1365-2966.2011.19276.x},
   adsurl = {http://adsabs.harvard.edu/abs/2011MNRAS.417..408R},
  adsnote = {Provided by the SAO/NASA Astrophysics Data System}
}

@ARTICLE{piro11,
   author = {{Piro}, A.~L.},
    title = "{Tidal Interactions in Merging White Dwarf Binaries}",
  journal = {\apjl},
archivePrefix = "arXiv",
   eprint = {1108.3110},
 primaryClass = "astro-ph.SR",
 keywords = {binaries: close, binaries: eclipsing, gravitational waves, stars: individual: SDSS J065133.33+284423.3, white dwarfs},
     year = 2011,
    month = oct,
   volume = 740,
      eid = {L53},
    pages = {L53},
      doi = {10.1088/2041-8205/740/2/L53},
   adsurl = {http://adsabs.harvard.edu/abs/2011ApJ...740L..53P},
  adsnote = {Provided by the SAO/NASA Astrophysics Data System}
}

@ARTICLE{aspd+11,
   author = {{Aspden}, A.~J. and {Bell}, J.~B. and {Dong}, S. and {Woosley}, S.~E.
	},
    title = "{Burning Thermals in Type Ia Supernovae}",
  journal = {\apj},
archivePrefix = "arXiv",
   eprint = {1108.3601},
 primaryClass = "astro-ph.HE",
 keywords = {hydrodynamics, methods: numerical, supernovae: general, turbulence, white dwarfs},
     year = 2011,
    month = sep,
   volume = 738,
      eid = {94},
    pages = {94},
      doi = {10.1088/0004-637X/738/1/94},
   adsurl = {http://adsabs.harvard.edu/abs/2011ApJ...738...94A},
  adsnote = {Provided by the SAO/NASA Astrophysics Data System}
}

@ARTICLE{brow+11,
   author = {{Brown}, W.~R. and {Kilic}, M. and {Hermes}, J.~J. and {Allende Prieto}, C. and 
	{Kenyon}, S.~J. and {Winget}, D.~E.},
    title = "{A 12 Minute Orbital Period Detached White Dwarf Eclipsing Binary}",
  journal = {\apjl},
archivePrefix = "arXiv",
   eprint = {1107.2389},
 keywords = {binaries: close, binaries: eclipsing, gravitational waves, stars: individual: SDSS J065133.338+284423.37, white dwarfs},
     year = 2011,
    month = aug,
   volume = 737,
      eid = {L23},
    pages = {L23},
      doi = {10.1088/2041-8205/737/1/L23},
   adsurl = {http://adsabs.harvard.edu/abs/2011ApJ...737L..23B},
  adsnote = {Provided by the SAO/NASA Astrophysics Data System}
}

@ARTICLE{dan+11,
   author = {{Dan}, M. and {Rosswog}, S. and {Guillochon}, J. and {Ramirez-Ruiz}, E.
	},
    title = "{Prelude to A Double Degenerate Merger: The Onset of Mass Transfer and Its Impact on Gravitational Waves and Surface Detonations}",
  journal = {\apj},
archivePrefix = "arXiv",
   eprint = {1101.5132},
 primaryClass = "astro-ph.HE",
 keywords = {hydrodynamics, nuclear reactions, nucleosynthesis, abundances, supernovae: general, white dwarfs},
     year = 2011,
    month = aug,
   volume = 737,
      eid = {89},
    pages = {89},
      doi = {10.1088/0004-637X/737/2/89},
   adsurl = {http://adsabs.harvard.edu/abs/2011ApJ...737...89D},
  adsnote = {Provided by the SAO/NASA Astrophysics Data System}
}

@ARTICLE{jeffks11,
   author = {{Jeffery}, C.~S. and {Karakas}, A.~I. and {Saio}, H.},
    title = "{Double white dwarf mergers and elemental surface abundances in extreme helium and R Coronae Borealis stars}",
  journal = {\mnras},
archivePrefix = "arXiv",
   eprint = {1103.1556},
 primaryClass = "astro-ph.SR",
 keywords = {stars: abundances, stars: AGB and post-AGB, binaries: close, stars: chemically peculiar, stars: evolution, white dwarfs},
     year = 2011,
    month = jul,
   volume = 414,
    pages = {3599-3616},
      doi = {10.1111/j.1365-2966.2011.18667.x},
   adsurl = {http://adsabs.harvard.edu/abs/2011MNRAS.414.3599J},
  adsnote = {Provided by the SAO/NASA Astrophysics Data System}
}

@ARTICLE{seitcr11,
   author = {{Seitenzahl}, I.~R. and {Ciaraldi-Schoolmann}, F. and {R{\"o}pke}, F.~K.
	},
    title = "{Type Ia supernova diversity: white dwarf central density as a secondary parameter in three-dimensional delayed detonation models}",
  journal = {\mnras},
archivePrefix = "arXiv",
   eprint = {1012.4929},
 primaryClass = "astro-ph.SR",
 keywords = {nuclear reactions, nucleosynthesis, abundances, supernovae: general},
     year = 2011,
    month = jul,
   volume = 414,
    pages = {2709-2715},
      doi = {10.1111/j.1365-2966.2011.18588.x},
   adsurl = {http://adsabs.harvard.edu/abs/2011MNRAS.414.2709S},
  adsnote = {Provided by the SAO/NASA Astrophysics Data System}
}

@ARTICLE{woosk11,
   author = {{Woosley}, S.~E. and {Kasen}, D.},
    title = "{Sub-Chandrasekhar Mass Models for Supernovae}",
  journal = {\apj},
archivePrefix = "arXiv",
   eprint = {1010.5292},
 primaryClass = "astro-ph.HE",
 keywords = {hydrodynamics, instabilities, nuclear reactions, nucleosynthesis, abundances, shock waves, supernovae: general},
     year = 2011,
    month = jun,
   volume = 734,
      eid = {38},
    pages = {38},
      doi = {10.1088/0004-637X/734/1/38},
   adsurl = {http://adsabs.harvard.edu/abs/2011ApJ...734...38W},
  adsnote = {Provided by the SAO/NASA Astrophysics Data System}
}

@ARTICLE{woos+11,
   author = {{Woosley}, S.~E. and {Kerstein}, A.~R. and {Aspden}, A.~J.},
    title = "{Flames in Type Ia Supernova: Deflagration-detonation Transition in the Oxygen-burning Flame}",
  journal = {\apj},
 keywords = {hydrodynamics, methods: numerical, shock waves, supernovae: general, turbulence},
     year = 2011,
    month = jun,
   volume = 734,
      eid = {37},
    pages = {37},
      doi = {10.1088/0004-637X/734/1/37},
   adsurl = {http://adsabs.harvard.edu/abs/2011ApJ...734...37W},
  adsnote = {Provided by the SAO/NASA Astrophysics Data System}
}

@ARTICLE{mars11,
   author = {{Marsh}, T.~R.},
    title = "{Double white dwarfs and LISA}",
  journal = {Classical and Quantum Gravity},
archivePrefix = "arXiv",
   eprint = {1101.4970},
 primaryClass = "astro-ph.SR",
     year = 2011,
    month = may,
   volume = 28,
   number = 9,
      eid = {094019},
    pages = {094019},
      doi = {10.1088/0264-9381/28/9/094019},
   adsurl = {http://adsabs.harvard.edu/abs/2011CQGra..28i4019M},
  adsnote = {Provided by the SAO/NASA Astrophysics Data System}
}

@ARTICLE{taub+09,
   author = {{Taubenberger}, S. and {Benetti}, S. and {Childress}, M. and 
	{Pakmor}, R. and {Hachinger}, S. and {Mazzali}, P.~A. and {Stanishev}, V. and 
	{Elias-Rosa}, N. and {Agnoletto}, I. and {Bufano}, F. and {Ergon}, M. and 
	{Harutyunyan}, A. and {Inserra}, C. and {Kankare}, E. and {Kromer}, M. and 
	{Navasardyan}, H. and {Nicolas}, J. and {Pastorello}, A. and 
	{Prosperi}, E. and {Salgado}, F. and {Sollerman}, J. and {Stritzinger}, M. and 
	{Turatto}, M. and {Valenti}, S. and {Hillebrandt}, W.},
    title = "{High luminosity, slow ejecta and persistent carbon lines: SN 2009dc challenges thermonuclear explosion scenarios}",
  journal = {\mnras},
archivePrefix = "arXiv",
   eprint = {1011.5665},
 primaryClass = "astro-ph.SR",
 keywords = {supernovae: general, supernovae: individual: SN 2006gz, supernovae: individual: SN 2007if, supernovae: individual: SN 2009dc, galaxies: individual: UGC 10063, galaxies: individual: UGC 10064},
     year = 2011,
    month = apr,
   volume = 412,
    pages = {2735-2762},
      doi = {10.1111/j.1365-2966.2010.18107.x},
   adsurl = {http://adsabs.harvard.edu/abs/2011MNRAS.412.2735T},
  adsnote = {Provided by the SAO/NASA Astrophysics Data System}
}

@ARTICLE{pakm+11,
   author = {{Pakmor}, R. and {Hachinger}, S. and {R{\"o}pke}, F.~K. and 
	{Hillebrandt}, W.},
    title = "{Violent mergers of nearly equal-mass white dwarf as progenitors of subluminous Type Ia supernovae}",
  journal = {\aap},
archivePrefix = "arXiv",
   eprint = {1102.1354},
 primaryClass = "astro-ph.SR",
 keywords = {supernovae: general, hydrodynamics, binaries: close},
     year = 2011,
    month = apr,
   volume = 528,
      eid = {A117},
    pages = {A117},
      doi = {10.1051/0004-6361/201015653},
   adsurl = {http://adsabs.harvard.edu/abs/2011A%26A...528A.117P},
  adsnote = {Provided by the SAO/NASA Astrophysics Data System}
}

@ARTICLE{justph11,
   author = {{Justham}, S. and {Podsiadlowski}, P. and {Han}, Z.},
    title = "{On the formation of single and binary helium-rich subdwarf O stars}",
  journal = {\mnras},
archivePrefix = "arXiv",
   eprint = {1008.1584},
 primaryClass = "astro-ph.SR",
 keywords = {binaries: close, subdwarfs, white dwarfs},
     year = 2011,
    month = jan,
   volume = 410,
    pages = {984-993},
      doi = {10.1111/j.1365-2966.2010.17497.x},
   adsurl = {http://adsabs.harvard.edu/abs/2011MNRAS.410..984J},
  adsnote = {Provided by the SAO/NASA Astrophysics Data System}
}

@ARTICLE{paxt+11,
   author = {{Paxton}, B. and {Bildsten}, L. and {Dotter}, A. and {Herwig}, F. and 
	{Lesaffre}, P. and {Timmes}, F.},
    title = "{Modules for Experiments in Stellar Astrophysics (MESA)}",
  journal = {\apjs},
archivePrefix = "arXiv",
   eprint = {1009.1622},
 primaryClass = "astro-ph.SR",
 keywords = {methods: numerical, stars: evolution, stars: general},
     year = 2011,
    month = jan,
   volume = 192,
      eid = {3},
    pages = {3},
      doi = {10.1088/0067-0049/192/1/3},
   adsurl = {http://adsabs.harvard.edu/abs/2011ApJS..192....3P},
  adsnote = {Provided by the SAO/NASA Astrophysics Data System}
}

@INPROCEEDINGS{menn+10,
   author = {{Mennekens}, N. and {Vanbeveren}, D. and {de Greve}, J. and 
	{de Donder}, E.},
    title = "{Delay Time Distribution of Type Ia Supernovae}",
booktitle = {Binaries - Key to Comprehension of the Universe},
     year = 2010,
   series = {Astronomical Society of the Pacific Conference Series},
   volume = 435,
   editor = {{Pr{\v s}a}, A. and {Zejda}, M.},
    month = dec,
    pages = {33},
   adsurl = {http://adsabs.harvard.edu/abs/2010ASPC..435...33M},
  adsnote = {Provided by the SAO/NASA Astrophysics Data System}
}

@ARTICLE{frye+10,
   author = {{Fryer}, C.~L. and {Ruiter}, A.~J. and {Belczynski}, K. and 
	{Brown}, P.~J. and {Bufano}, F. and {Diehl}, S. and {Fontes}, C.~J. and 
	{Frey}, L.~H. and {Holland}, S.~T. and {Hungerford}, A.~L. and 
	{Immler}, S. and {Mazzali}, P. and {Meakin}, C. and {Milne}, P.~A. and 
	{Raskin}, C. and {Timmes}, F.~X.},
    title = "{Spectra of Type Ia Supernovae from Double Degenerate Mergers}",
  journal = {\apj},
archivePrefix = "arXiv",
   eprint = {1007.0570},
 primaryClass = "astro-ph.SR",
 keywords = {binaries: close, supernovae: general, white dwarfs},
     year = 2010,
    month = dec,
   volume = 725,
    pages = {296-308},
      doi = {10.1088/0004-637X/725/1/296},
   adsurl = {http://adsabs.harvard.edu/abs/2010ApJ...725..296F},
  adsnote = {Provided by the SAO/NASA Astrophysics Data System}
}

@INPROCEEDINGS{maoz10,
   author = {{Maoz}, D.},
    title = "{Type-Ia Supernovae: New Clues to their Progenitors from the Delay Time Distribution}",
 keywords = {supernovae, star formation, redshift, white dwarfs, Supernovae, Star formation, Distances redshifts radial velocities, spatial distribution of galaxies, Faint blue stars white dwarfs degenerate stars nuclei of planetary nebulae},
booktitle = {American Institute of Physics Conference Series},
     year = 2010,
   series = {American Institute of Physics Conference Series},
   volume = 1314,
archivePrefix = "arXiv",
   eprint = {1011.1014},
   editor = {{Kalogera}, V. and {van der Sluys}, M.},
    month = dec,
    pages = {223-232},
      doi = {10.1063/1.3536373},
   adsurl = {http://adsabs.harvard.edu/abs/2010AIPC.1314..223M},
  adsnote = {Provided by the SAO/NASA Astrophysics Data System}
}

@ARTICLE{kube+10,
   author = {{K{\"u}lebi}, B. and {Jordan}, S. and {Nelan}, E. and {Bastian}, U. and 
	{Altmann}, M.},
    title = "{Constraints on the origin of the massive, hot, and rapidly rotating magnetic white dwarf RE J 0317-853 from an HST parallax measurement}",
  journal = {\aap},
archivePrefix = "arXiv",
   eprint = {1007.4978},
 primaryClass = "astro-ph.SR",
 keywords = {white dwarfs, stars: magnetic field, binaries: visual, stars: distances, stars: individual: RE J 0317-853, supernovae: individual: LB 9802},
     year = 2010,
    month = dec,
   volume = 524,
      eid = {A36},
    pages = {A36},
      doi = {10.1051/0004-6361/201015237},
   adsurl = {http://adsabs.harvard.edu/abs/2010A%26A...524A..36K},
  adsnote = {Provided by the SAO/NASA Astrophysics Data System}
}

@ARTICLE{lanz10,
   author = {{Lanzafame}, G.},
    title = "{An approach to the Riemann problem in the light of a reformulation of the state equation for SPH inviscid ideal flows: a highlight on spiral hydrodynamics in accretion discs}",
  journal = {\mnras},
archivePrefix = "arXiv",
   eprint = {1003.0823},
 primaryClass = "physics.flu-dyn",
 keywords = {accretion, accretion discs, equation of state, hydrodynamics, methods: numerical, binaries: close, stars: dwarf novae},
     year = 2010,
    month = nov,
   volume = 408,
    pages = {2336-2352},
      doi = {10.1111/j.1365-2966.2010.17283.x},
   adsurl = {http://adsabs.harvard.edu/abs/2010MNRAS.408.2336L},
  adsnote = {Provided by the SAO/NASA Astrophysics Data System}
}

@ARTICLE{loke+10,
   author = {{Loken}, C. and {Gruner}, D. and {Groer}, L. and {Peltier}, R. and 
	{Bunn}, N. and {Craig}, M. and {Henriques}, T. and {Dempsey}, J. and 
	{Yu}, C.-H. and {Chen}, J. and {Dursi}, L.~J. and {Chong}, J. and 
	{Northrup}, S. and {Pinto}, J. and {Knecht}, N. and {Van Zon}, R.
	},
    title = "{SciNet: Lessons Learned from Building a Power-efficient Top-20 System and Data Centre}",
  journal = {Journal of Physics Conference Series},
     year = 2010,
    month = nov,
   volume = 256,
   number = 1,
      eid = {012026},
    pages = {012026},
      doi = {10.1088/1742-6596/256/1/012026},
   adsurl = {http://adsabs.harvard.edu/abs/2010JPhCS.256a2026L},
  adsnote = {Provided by the SAO/NASA Astrophysics Data System}
}

@ARTICLE{vkercj10,
   author = {{van Kerkwijk}, M.~H. and {Chang}, P. and {Justham}, S.},
    title = "{Sub-Chandrasekhar White Dwarf Mergers as the Progenitors of Type Ia Supernovae}",
  journal = {\apjl},
archivePrefix = "arXiv",
   eprint = {1006.4391},
 primaryClass = "astro-ph.SR",
 keywords = {binaries: close, supernovae: general, white dwarfs},
     year = 2010,
    month = oct,
   volume = 722,
    pages = {L157-L161},
      doi = {10.1088/2041-8205/722/2/L157},
   adsurl = {http://adsabs.harvard.edu/abs/2010ApJ...722L.157V},
  adsnote = {Provided by the SAO/NASA Astrophysics Data System}
}

@ARTICLE{maozsg10,
   author = {{Maoz}, D. and {Sharon}, K. and {Gal-Yam}, A.},
    title = "{The Supernova Delay Time Distribution in Galaxy Clusters and Implications for Type-Ia Progenitors and Metal Enrichment}",
  journal = {\apj},
archivePrefix = "arXiv",
   eprint = {1006.3576},
 keywords = {galaxies: clusters: general, supernovae: general},
     year = 2010,
    month = oct,
   volume = 722,
    pages = {1879-1894},
      doi = {10.1088/0004-637X/722/2/1879},
   adsurl = {http://adsabs.harvard.edu/abs/2010ApJ...722.1879M},
  adsnote = {Provided by the SAO/NASA Astrophysics Data System}
}

@ARTICLE{spri10a,
   author = {{Springel}, V.},
    title = "{Smoothed Particle Hydrodynamics in Astrophysics}",
  journal = {\araa},
archivePrefix = "arXiv",
   eprint = {1109.2219},
 primaryClass = "astro-ph.CO",
     year = 2010,
    month = sep,
   volume = 48,
    pages = {391-430},
      doi = {10.1146/annurev-astro-081309-130914},
   adsurl = {http://adsabs.harvard.edu/abs/2010ARA%26A..48..391S},
  adsnote = {Provided by the SAO/NASA Astrophysics Data System}
}

@ARTICLE{krom+10,
   author = {{Kromer}, M. and {Sim}, S.~A. and {Fink}, M. and {R{\"o}pke}, F.~K. and 
	{Seitenzahl}, I.~R. and {Hillebrandt}, W.},
    title = "{Double-detonation Sub-Chandrasekhar Supernovae: Synthetic Observables for Minimum Helium Shell Mass Models}",
  journal = {\apj},
archivePrefix = "arXiv",
   eprint = {1006.4489},
 primaryClass = "astro-ph.HE",
 keywords = {methods: numerical, radiative transfer, supernovae: general},
     year = 2010,
    month = aug,
   volume = 719,
    pages = {1067-1082},
      doi = {10.1088/0004-637X/719/2/1067},
   adsurl = {http://adsabs.harvard.edu/abs/2010ApJ...719.1067K},
  adsnote = {Provided by the SAO/NASA Astrophysics Data System}
}

@ARTICLE{dist10,
   author = {{Di Stefano}, R.},
    title = "{The Progenitors of Type Ia Supernovae. II. Are they Double-degenerate Binaries? The Symbiotic Channel}",
  journal = {\apj},
archivePrefix = "arXiv",
   eprint = {1004.1193},
 keywords = {binaries: symbiotic, distance scale, supernovae: general, white dwarfs, X-rays: general},
     year = 2010,
    month = aug,
   volume = 719,
    pages = {474-482},
      doi = {10.1088/0004-637X/719/1/474},
   adsurl = {http://adsabs.harvard.edu/abs/2010ApJ...719..474D},
  adsnote = {Provided by the SAO/NASA Astrophysics Data System}
}

@ARTICLE{maed+10b,
   author = {{Maeda}, K. and {Benetti}, S. and {Stritzinger}, M. and {R{\"o}pke}, F.~K. and 
	{Folatelli}, G. and {Sollerman}, J. and {Taubenberger}, S. and 
	{Nomoto}, K. and {Leloudas}, G. and {Hamuy}, M. and {Tanaka}, M. and 
	{Mazzali}, P.~A. and {Elias-Rosa}, N.},
    title = "{An asymmetric explosion as the origin of spectral evolution diversity in type Ia supernovae}",
  journal = {\nat},
archivePrefix = "arXiv",
   eprint = {1006.5888},
     year = 2010,
    month = jul,
   volume = 466,
    pages = {82-85},
      doi = {10.1038/nature09122},
   adsurl = {http://adsabs.harvard.edu/abs/2010Natur.466...82M},
  adsnote = {Provided by the SAO/NASA Astrophysics Data System}
}

@ARTICLE{stei+10,
   author = {{Steinfadt}, J.~D.~R. and {Kaplan}, D.~L. and {Shporer}, A. and 
	{Bildsten}, L. and {Howell}, S.~B.},
    title = "{Discovery of the Eclipsing Detached Double White Dwarf Binary NLTT 11748}",
  journal = {\apjl},
archivePrefix = "arXiv",
   eprint = {1005.1977},
 primaryClass = "astro-ph.SR",
 keywords = {binaries: eclipsing, stars: individual: NLTT 11748, white dwarfs},
     year = 2010,
    month = jun,
   volume = 716,
    pages = {L146-L151},
      doi = {10.1088/2041-8205/716/2/L146},
   adsurl = {http://adsabs.harvard.edu/abs/2010ApJ...716L.146S},
  adsnote = {Provided by the SAO/NASA Astrophysics Data System}
}

@ARTICLE{sim+10,
   author = {{Sim}, S.~A. and {R{\"o}pke}, F.~K. and {Hillebrandt}, W. and 
	{Kromer}, M. and {Pakmor}, R. and {Fink}, M. and {Ruiter}, A.~J. and 
	{Seitenzahl}, I.~R.},
    title = "{Detonations in Sub-Chandrasekhar-mass C+O White Dwarfs}",
  journal = {\apjl},
archivePrefix = "arXiv",
   eprint = {1003.2917},
 primaryClass = "astro-ph.HE",
 keywords = {radiative transfer, supernovae: general, white dwarfs},
     year = 2010,
    month = may,
   volume = 714,
    pages = {L52-L57},
      doi = {10.1088/2041-8205/714/1/L52},
   adsurl = {http://adsabs.harvard.edu/abs/2010ApJ...714L..52S},
  adsnote = {Provided by the SAO/NASA Astrophysics Data System}
}

@ARTICLE{fink+10,
   author = {{Fink}, M. and {R{\"o}pke}, F.~K. and {Hillebrandt}, W. and 
	{Seitenzahl}, I.~R. and {Sim}, S.~A. and {Kromer}, M.},
    title = "{Double-detonation sub-Chandrasekhar supernovae: can minimum helium shell masses detonate the core?}",
  journal = {\aap},
archivePrefix = "arXiv",
   eprint = {1002.2173},
 primaryClass = "astro-ph.SR",
 keywords = {supernovae: general, nuclear reactions, nucleosynthesis, abundances, hydrodynamics, methods: numerical},
     year = 2010,
    month = may,
   volume = 514,
      eid = {A53},
    pages = {A53},
      doi = {10.1051/0004-6361/200913892},
   adsurl = {http://adsabs.harvard.edu/abs/2010A%26A...514A..53F},
  adsnote = {Provided by the SAO/NASA Astrophysics Data System}
}

@ARTICLE{abdi+10,
   author = {{Abdikamalov}, E.~B. and {Ott}, C.~D. and {Rezzolla}, L. and 
	{Dessart}, L. and {Dimmelmeier}, H. and {Marek}, A. and {Janka}, H.-T.
	},
    title = "{Axisymmetric general relativistic simulations of the accretion-induced collapse of white dwarfs}",
  journal = {\prd},
archivePrefix = "arXiv",
   eprint = {0910.2703},
 primaryClass = "astro-ph.HE",
 keywords = {Numerical relativity, Finite-difference methods, Wave generation and sources, Supernovae},
     year = 2010,
    month = feb,
   volume = 81,
   number = 4,
      eid = {044012},
    pages = {044012},
      doi = {10.1103/PhysRevD.81.044012},
   adsurl = {http://adsabs.harvard.edu/abs/2010PhRvD..81d4012A},
  adsnote = {Provided by the SAO/NASA Astrophysics Data System}
}

@ARTICLE{gilfb10,
   author = {{Gilfanov}, M. and {Bogd{\'a}n}, {\'A}.},
    title = "{An upper limit on the contribution of accreting white dwarfs to the typeIa supernova rate}",
  journal = {\nat},
archivePrefix = "arXiv",
   eprint = {1002.3359},
     year = 2010,
    month = feb,
   volume = 463,
    pages = {924-925},
      doi = {10.1038/nature08685},
   adsurl = {http://adsabs.harvard.edu/abs/2010Natur.463..924G},
  adsnote = {Provided by the SAO/NASA Astrophysics Data System}
}

@ARTICLE{pakm+10,
   author = {{Pakmor}, R. and {Kromer}, M. and {R{\"o}pke}, F.~K. and {Sim}, S.~A. and 
	{Ruiter}, A.~J. and {Hillebrandt}, W.},
    title = "{Sub-luminous type Ia supernovae from the mergers of equal-mass white dwarfs with mass \~{}0.9M$_{solar}$}",
  journal = {\nat},
archivePrefix = "arXiv",
   eprint = {0911.0926},
 primaryClass = "astro-ph.HE",
     year = 2010,
    month = jan,
   volume = 463,
    pages = {61-64},
      doi = {10.1038/nature08642},
   adsurl = {http://adsabs.harvard.edu/abs/2010Natur.463...61P},
  adsnote = {Provided by the SAO/NASA Astrophysics Data System}
}

@ARTICLE{spri10b,
   author = {{Springel}, V.},
    title = "{E pur si muove: Galilean-invariant cosmological hydrodynamical simulations on a moving mesh}",
  journal = {\mnras},
archivePrefix = "arXiv",
   eprint = {0901.4107},
 keywords = {methods: numerical, galaxies: interactions, cosmology: dark matter},
     year = 2010,
    month = jan,
   volume = 401,
    pages = {791-851},
      doi = {10.1111/j.1365-2966.2009.15715.x},
   adsurl = {http://adsabs.harvard.edu/abs/2010MNRAS.401..791S},
  adsnote = {Provided by the SAO/NASA Astrophysics Data System}
}

@ARTICLE{guil+10,
   author = {{Guillochon}, J. and {Dan}, M. and {Ramirez-Ruiz}, E. and {Rosswog}, S.
	},
    title = "{Surface Detonations in Double Degenerate Binary Systems Triggered by Accretion Stream Instabilities}",
  journal = {\apjl},
archivePrefix = "arXiv",
   eprint = {0911.0416},
 primaryClass = "astro-ph.HE",
 keywords = {accretion, accretion disks, binaries: general, instabilities, novae, cataclysmic variables, supernovae: general, white dwarfs},
     year = 2010,
    month = jan,
   volume = 709,
    pages = {L64-L69},
      doi = {10.1088/2041-8205/709/1/L64},
   adsurl = {http://adsabs.harvard.edu/abs/2010ApJ...709L..64G},
  adsnote = {Provided by the SAO/NASA Astrophysics Data System}
}

@ARTICLE{maed+10,
   author = {{Maeda}, K. and {Taubenberger}, S. and {Sollerman}, J. and {Mazzali}, P.~A. and 
	{Leloudas}, G. and {Nomoto}, K. and {Motohara}, K.},
    title = "{Nebular Spectra and Explosion Asymmetry of Type Ia Supernovae}",
  journal = {\apj},
archivePrefix = "arXiv",
   eprint = {0911.5484},
 primaryClass = "astro-ph.SR",
 keywords = {nuclear reactions, nucleosynthesis, abundances, radiative transfer, supernovae: general, supernovae: individual: SN 2003hv},
     year = 2010,
    month = jan,
   volume = 708,
    pages = {1703-1715},
      doi = {10.1088/0004-637X/708/2/1703},
   adsurl = {http://adsabs.harvard.edu/abs/2010ApJ...708.1703M},
  adsnote = {Provided by the SAO/NASA Astrophysics Data System}
}

@ARTICLE{woos+09,
   author = {{Woosley}, S.~E. and {Kerstein}, A.~R. and {Sankaran}, V. and 
	{Aspden}, A.~J. and {R{\"o}pke}, F.~K.},
    title = "{Type Ia Supernovae: Calculations of Turbulent Flames Using the Linear Eddy Model}",
  journal = {\apj},
archivePrefix = "arXiv",
   eprint = {0811.3610},
 keywords = {hydrodynamics, shock waves, supernovae: general, turbulence},
     year = 2009,
    month = oct,
   volume = 704,
    pages = {255-273},
      doi = {10.1088/0004-637X/704/1/255},
   adsurl = {http://adsabs.harvard.edu/abs/2009ApJ...704..255W},
  adsnote = {Provided by the SAO/NASA Astrophysics Data System}
}

@ARTICLE{ruitbf09,
   author = {{Ruiter}, A.~J. and {Belczynski}, K. and {Fryer}, C.},
    title = "{Rates and Delay Times of Type Ia Supernovae}",
  journal = {\apj},
archivePrefix = "arXiv",
   eprint = {0904.3108},
 primaryClass = "astro-ph.SR",
 keywords = {binaries: close, supernovae: general},
     year = 2009,
    month = jul,
   volume = 699,
    pages = {2026-2036},
      doi = {10.1088/0004-637X/699/2/2026},
   adsurl = {http://adsabs.harvard.edu/abs/2009ApJ...699.2026R},
  adsnote = {Provided by the SAO/NASA Astrophysics Data System}
}

@ARTICLE{loreig09,
   author = {{Lor{\'e}n-Aguilar}, P. and {Isern}, J. and {Garc{\'{\i}}a-Berro}, E.
	},
    title = "{High-resolution smoothed particle hydrodynamics simulations of the merger of binary white dwarfs}",
  journal = {\aap},
 keywords = {stars: white dwarfs, stars: interiors, stars:, binaries: close, hydrodynamics, accretion, accretion disks},
     year = 2009,
    month = jun,
   volume = 500,
    pages = {1193-1205},
      doi = {10.1051/0004-6361/200811060},
   adsurl = {http://adsabs.harvard.edu/abs/2009A%26A...500.1193L},
  adsnote = {Provided by the SAO/NASA Astrophysics Data System}
}

@ARTICLE{mitc+09,
   author = {{Mitchell}, N.~L. and {McCarthy}, I.~G. and {Bower}, R.~G. and 
	{Theuns}, T. and {Crain}, R.~A.},
    title = "{On the origin of cores in simulated galaxy clusters}",
  journal = {\mnras},
archivePrefix = "arXiv",
   eprint = {0812.1750},
 keywords = {hydrodynamics , methods: N-body simulations , galaxies: clusters: general , cosmology: theory},
     year = 2009,
    month = may,
   volume = 395,
    pages = {180-196},
      doi = {10.1111/j.1365-2966.2009.14550.x},
   adsurl = {http://adsabs.harvard.edu/abs/2009MNRAS.395..180M},
  adsnote = {Provided by the SAO/NASA Astrophysics Data System}
}

@ARTICLE{tremb09,
   author = {{Tremblay}, P.-E. and {Bergeron}, P.},
    title = "{Spectroscopic Analysis of DA White Dwarfs: Stark Broadening of Hydrogen Lines Including Nonideal Effects}",
  journal = {\apj},
archivePrefix = "arXiv",
   eprint = {0902.4182},
 primaryClass = "astro-ph.SR",
 keywords = {line: profiles, stars: atmospheres, white dwarfs},
     year = 2009,
    month = may,
   volume = 696,
    pages = {1755-1770},
      doi = {10.1088/0004-637X/696/2/1755},
   adsurl = {http://adsabs.harvard.edu/abs/2009ApJ...696.1755T},
  adsnote = {Provided by the SAO/NASA Astrophysics Data System}
}

@ARTICLE{seit+09,
   author = {{Seitenzahl}, I.~R. and {Meakin}, C.~A. and {Townsley}, D.~M. and 
	{Lamb}, D.~Q. and {Truran}, J.~W.},
    title = "{Spontaneous Initiation of Detonations in White Dwarf Environments: Determination of Critical Sizes}",
  journal = {\apj},
archivePrefix = "arXiv",
   eprint = {0901.3677},
 primaryClass = "astro-ph.SR",
 keywords = {hydrodynamics, nuclear reactions, nucleosynthesis, abundances, shock waves, supernovae: general, white dwarfs},
     year = 2009,
    month = may,
   volume = 696,
    pages = {515-527},
      doi = {10.1088/0004-637X/696/1/515},
   adsurl = {http://adsabs.harvard.edu/abs/2009ApJ...696..515S},
  adsnote = {Provided by the SAO/NASA Astrophysics Data System}
}

@ARTICLE{pric08,
   author = {{Price}, D.~J.},
    title = "{Modelling discontinuities and Kelvin Helmholtz instabilities in SPH}",
  journal = {Journal of Computational Physics},
archivePrefix = "arXiv",
   eprint = {0709.2772},
     year = 2008,
    month = dec,
   volume = 227,
    pages = {10040-10057},
      doi = {10.1016/j.jcp.2008.08.011},
   adsurl = {http://adsabs.harvard.edu/abs/2008JCoPh.22710040P},
  adsnote = {Provided by the SAO/NASA Astrophysics Data System}
}

@ARTICLE{ager+07,
   author = {{Agertz}, O. and {Moore}, B. and {Stadel}, J. and {Potter}, D. and 
	{Miniati}, F. and {Read}, J. and {Mayer}, L. and {Gawryszczak}, A. and 
	{Kravtsov}, A. and {Nordlund}, {\AA}. and {Pearce}, F. and {Quilis}, V. and 
	{Rudd}, D. and {Springel}, V. and {Stone}, J. and {Tasker}, E. and 
	{Teyssier}, R. and {Wadsley}, J. and {Walder}, R.},
    title = "{Fundamental differences between SPH and grid methods}",
  journal = {\mnras},
   eprint = {astro-ph/0610051},
 keywords = {hydrodynamics, instabilities, turbulence, methods: numerical, ISM: clouds, galaxies: evolution, galaxies: formation, galaxies: general},
     year = 2007,
    month = sep,
   volume = 380,
    pages = {963-978},
      doi = {10.1111/j.1365-2966.2007.12183.x},
   adsurl = {http://adsabs.harvard.edu/abs/2007MNRAS.380..963A},
  adsnote = {Provided by the SAO/NASA Astrophysics Data System}
}

@ARTICLE{yoonpr07,
   author = {{Yoon}, S.-C. and {Podsiadlowski}, P. and {Rosswog}, S.},
    title = "{Remnant evolution after a carbon-oxygen white dwarf merger}",
  journal = {\mnras},
archivePrefix = "arXiv",
   eprint = {0704.0297},
 keywords = {accretion, accretion discs, stars: evolution, supernovae: general, white dwarfs},
     year = 2007,
    month = sep,
   volume = 380,
    pages = {933-948},
      doi = {10.1111/j.1365-2966.2007.12161.x},
   adsurl = {http://adsabs.harvard.edu/abs/2007MNRAS.380..933Y},
  adsnote = {Provided by the SAO/NASA Astrophysics Data System}
}

@ARTICLE{clay+07,
   author = {{Clayton}, G.~C. and {Geballe}, T.~R. and {Herwig}, F. and {Fryer}, C. and 
	{Asplund}, M.},
    title = "{Very Large Excesses of $^{18}$O in Hydrogen-deficient Carbon and R Coronae Borealis Stars: Evidence for White Dwarf Mergers}",
  journal = {\apj},
   eprint = {astro-ph/0703453},
 keywords = {Stars: Abundances, Stars: AGB and Post-AGB, Stars: Evolution, Stars: Variables: Other},
     year = 2007,
    month = jun,
   volume = 662,
    pages = {1220-1230},
      doi = {10.1086/518307},
   adsurl = {http://adsabs.harvard.edu/abs/2007ApJ...662.1220C},
  adsnote = {Provided by the SAO/NASA Astrophysics Data System}
}

@ARTICLE{gera+07,
   author = {{Gerardy}, C.~L. and {Meikle}, W.~P.~S. and {Kotak}, R. and 
	{H{\"o}flich}, P. and {Farrah}, D. and {Filippenko}, A.~V. and 
	{Foley}, R.~J. and {Lundqvist}, P. and {Mattila}, S. and {Pozzo}, M. and 
	{Sollerman}, J. and {Van Dyk}, S.~D. and {Wheeler}, J.~C.},
    title = "{Signatures of Delayed Detonation, Asymmetry, and Electron Capture in the Mid-Infrared Spectra of Supernovae 2003hv and 2005df}",
  journal = {\apj},
   eprint = {astro-ph/0702117},
 keywords = {Stars: Supernovae: General, supernovae: individual (SN 2003hv), supernovae: individual (SN 2005df)},
     year = 2007,
    month = jun,
   volume = 661,
    pages = {995-1012},
      doi = {10.1086/516728},
   adsurl = {http://adsabs.harvard.edu/abs/2007ApJ...661..995G},
  adsnote = {Provided by the SAO/NASA Astrophysics Data System}
}

@ARTICLE{tracsp07,
   author = {{Trac}, H. and {Sills}, A. and {Pen}, U.-L.},
    title = "{A comparison of hydrodynamic techniques for modelling collisions between main-sequence stars}",
  journal = {\mnras},
   eprint = {astro-ph/0605753},
 keywords = {hydrodynamics, stellar dynamics, methods: numerical, blue stragglers, stars: evolution, globular clusters: general},
     year = 2007,
    month = may,
   volume = 377,
    pages = {997-1005},
      doi = {10.1111/j.1365-2966.2007.11709.x},
   adsurl = {http://adsabs.harvard.edu/abs/2007MNRAS.377..997T},
  adsnote = {Provided by the SAO/NASA Astrophysics Data System}
}

@ARTICLE{dval+06,
   author = {{de Val-Borro}, M. and {Edgar}, R.~G. and {Artymowicz}, P. and 
	{Ciecielag}, P. and {Cresswell}, P. and {D'Angelo}, G. and {Delgado-Donate}, E.~J. and 
	{Dirksen}, G. and {Fromang}, S. and {Gawryszczak}, A. and {Klahr}, H. and 
	{Kley}, W. and {Lyra}, W. and {Masset}, F. and {Mellema}, G. and 
	{Nelson}, R.~P. and {Paardekooper}, S.-J. and {Peplinski}, A. and 
	{Pierens}, A. and {Plewa}, T. and {Rice}, K. and {Sch{\"a}fer}, C. and 
	{Speith}, R.},
    title = "{A comparative study of disc-planet interaction}",
  journal = {\mnras},
   eprint = {astro-ph/0605237},
 keywords = {accretion, accretion discs: hydrodynamics: planets and satellites: general, accretion discs, hydrodynamics, planets and satellites: general},
     year = 2006,
    month = aug,
   volume = 370,
    pages = {529-558},
      doi = {10.1111/j.1365-2966.2006.10488.x},
   adsurl = {http://adsabs.harvard.edu/abs/2006MNRAS.370..529D},
  adsnote = {Provided by the SAO/NASA Astrophysics Data System}
}

@ARTICLE{haye+06,
   author = {{Hayes}, J.~C. and {Norman}, M.~L. and {Fiedler}, R.~A. and 
	{Bordner}, J.~O. and {Li}, P.~S. and {Clark}, S.~E. and {ud-Doula}, A. and 
	{Mac Low}, M.-M.},
    title = "{Simulating Radiating and Magnetized Flows in Multiple Dimensions with ZEUS-MP}",
  journal = {\apjs},
   eprint = {astro-ph/0511545},
 keywords = {Hydrodynamics, Methods: Numerical, Magnetohydrodynamics: MHD, Radiative Transfer},
     year = 2006,
    month = jul,
   volume = 165,
    pages = {188-228},
      doi = {10.1086/504594},
   adsurl = {http://adsabs.harvard.edu/abs/2006ApJS..165..188H},
  adsnote = {Provided by the SAO/NASA Astrophysics Data System}
}

@ARTICLE{dsou+06,
   author = {{D'Souza}, M.~C.~R. and {Motl}, P.~M. and {Tohline}, J.~E. and 
	{Frank}, J.},
    title = "{Numerical Simulations of the Onset and Stability of Dynamical Mass Transfer in Binaries}",
  journal = {\apj},
   eprint = {astro-ph/0512137},
 keywords = {Accretion, Accretion Disks, Stars: Binaries: Close, Hydrodynamics, Instabilities, Methods: Numerical, Stars: White Dwarfs},
     year = 2006,
    month = may,
   volume = 643,
    pages = {381-401},
      doi = {10.1086/500384},
   adsurl = {http://adsabs.harvard.edu/abs/2006ApJ...643..381D},
  adsnote = {Provided by the SAO/NASA Astrophysics Data System}
}

@ARTICLE{spri05,
   author = {{Springel}, V.},
    title = "{The cosmological simulation code GADGET-2}",
  journal = {\mnras},
   eprint = {astro-ph/0505010},
 keywords = {methods: numerical, galaxies: interactions, dark matter},
     year = 2005,
    month = dec,
   volume = 364,
    pages = {1105-1134},
      doi = {10.1111/j.1365-2966.2005.09655.x},
   adsurl = {http://adsabs.harvard.edu/abs/2005MNRAS.364.1105S},
  adsnote = {Provided by the SAO/NASA Astrophysics Data System}
}

@ARTICLE{mona05,
   author = {{Monaghan}, J.~J.},
    title = "{Smoothed particle hydrodynamics}",
  journal = {Reports on Progress in Physics},
     year = 2005,
    month = aug,
   volume = 68,
    pages = {1703-1759},
      doi = {10.1088/0034-4885/68/8/R01},
   adsurl = {http://adsabs.harvard.edu/abs/2005RPPh...68.1703M},
  adsnote = {Provided by the SAO/NASA Astrophysics Data System}
}

@ARTICLE{mann+05,
   author = {{Mannucci}, F. and {Della Valle}, M. and {Panagia}, N. and {Cappellaro}, E. and 
	{Cresci}, G. and {Maiolino}, R. and {Petrosian}, A. and {Turatto}, M.
	},
    title = "{The supernova rate per unit mass}",
  journal = {\aap},
   eprint = {astro-ph/0411450},
 keywords = {stars: supernovae: general, infrared: galaxies},
     year = 2005,
    month = apr,
   volume = 433,
    pages = {807-814},
      doi = {10.1051/0004-6361:20041411},
   adsurl = {http://adsabs.harvard.edu/abs/2005A%26A...433..807M},
  adsnote = {Provided by the SAO/NASA Astrophysics Data System}
}

@ARTICLE{marsns04,
   author = {{Marsh}, T.~R. and {Nelemans}, G. and {Steeghs}, D.},
    title = "{Mass transfer between double white dwarfs}",
  journal = {\mnras},
   eprint = {astro-ph/0312577},
 keywords = {accretion, accretion discs, gravitational waves, binaries: close, novae, cataclysmic variables, white dwarfs},
     year = 2004,
    month = may,
   volume = 350,
    pages = {113-128},
      doi = {10.1111/j.1365-2966.2004.07564.x},
   adsurl = {http://adsabs.harvard.edu/abs/2004MNRAS.350..113M},
  adsnote = {Provided by the SAO/NASA Astrophysics Data System}
}

@ARTICLE{wadssq04,
   author = {{Wadsley}, J.~W. and {Stadel}, J. and {Quinn}, T.},
    title = "{Gasoline: a flexible, parallel implementation of TreeSPH}",
  journal = {\na},
   eprint = {astro-ph/0303521},
     year = 2004,
    month = feb,
   volume = 9,
    pages = {137-158},
      doi = {10.1016/j.newast.2003.08.004},
   adsurl = {http://adsabs.harvard.edu/abs/2004NewA....9..137W},
  adsnote = {Provided by the SAO/NASA Astrophysics Data System}
}

@ARTICLE{guerig04,
   author = {{Guerrero}, J. and {Garc{\'{\i}}a-Berro}, E. and {Isern}, J.
	},
    title = "{Smoothed Particle Hydrodynamics simulations  of merging white dwarfs}",
  journal = {\aap},
 keywords = {stars: white dwarfs, stars: interiors, stars: binaries: close, hydrodynamics, methods: numerical, accretion, accretion disks},
     year = 2004,
    month = jan,
   volume = 413,
    pages = {257-272},
      doi = {10.1051/0004-6361:20031504},
   adsurl = {http://adsabs.harvard.edu/abs/2004A%26A...413..257G},
  adsnote = {Provided by the SAO/NASA Astrophysics Data System}
}

@ARTICLE{lanz03,
   author = {{Lanzafame}, G.},
    title = "{Spiral and shock front development in accretion discs in close binaries: Physically viscous and non-viscous SPH modelling}",
  journal = {\aap},
 keywords = {accretion, accretion disks, stars: binaries: close, methods: numerical, shock waves},
     year = 2003,
    month = may,
   volume = 403,
    pages = {593-604},
      doi = {10.1051/0004-6361:20021739},
   adsurl = {http://adsabs.harvard.edu/abs/2003A%26A...403..593L},
  adsnote = {Provided by the SAO/NASA Astrophysics Data System}
}

@ARTICLE{balb03,
   author = {{Balbus}, S.~A.},
    title = "{Enhanced Angular Momentum Transport in Accretion Disks}",
  journal = {\araa},
   eprint = {astro-ph/0306208},
     year = 2003,
   volume = 41,
    pages = {555-597},
      doi = {10.1146/annurev.astro.41.081401.155207},
   adsurl = {http://adsabs.harvard.edu/abs/2003ARA%26A..41..555B},
  adsnote = {Provided by the SAO/NASA Astrophysics Data System}
}

@ARTICLE{saioj02,
   author = {{Saio}, H. and {Jeffery}, C.~S.},
    title = "{Merged binary white dwarf evolution: rapidly accreting carbon-oxygen white dwarfs and the progeny of extreme helium stars}",
  journal = {\mnras},
 keywords = {binaries: close, stars: chemically peculiar, stars: evolution, white dwarfs},
     year = 2002,
    month = jun,
   volume = 333,
    pages = {121-132},
      doi = {10.1046/j.1365-8711.2002.05384.x},
   adsurl = {http://adsabs.harvard.edu/abs/2002MNRAS.333..121S},
  adsnote = {Provided by the SAO/NASA Astrophysics Data System}
}

@ARTICLE{spru02,
   author = {{Spruit}, H.~C.},
    title = "{Dynamo action by differential rotation in a stably stratified stellar interior}",
  journal = {\aap},
   eprint = {astro-ph/0108207},
 keywords = {MAGNETOHYDRODYNAMICS (MHD), STARS: MAGNETIC FIELDS, INSTABILITIES},
     year = 2002,
    month = jan,
   volume = 381,
    pages = {923-932},
      doi = {10.1051/0004-6361:20011465},
   adsurl = {http://adsabs.harvard.edu/abs/2002A%26A...381..923S},
  adsnote = {Provided by the SAO/NASA Astrophysics Data System}
}

@ARTICLE{saioj00,
   author = {{Saio}, H. and {Jeffery}, C.~S.},
    title = "{The evolution of a rapidly accreting helium white dwarf to become a low-luminosity helium star}",
  journal = {\mnras},
 keywords = {STARS: CHEMICALLY PECULIAR, STARS: EVOLUTION, STARS: INDIVIDUAL: V652 HER, STARS: OSCILLATIONS},
     year = 2000,
    month = apr,
   volume = 313,
    pages = {671-677},
      doi = {10.1046/j.1365-8711.2000.03221.x},
   adsurl = {http://adsabs.harvard.edu/abs/2000MNRAS.313..671S},
  adsnote = {Provided by the SAO/NASA Astrophysics Data System}
}

@ARTICLE{timms00,
   author = {{Timmes}, F.~X. and {Swesty}, F.~D.},
    title = "{The Accuracy, Consistency, and Speed of an Electron-Positron Equation of State Based on Table Interpolation of the Helmholtz Free Energy}",
  journal = {\apjs},
 keywords = {EQUATION OF STATE, HYDRODYNAMICS, METHODS: NUMERICAL, STARS: GENERAL, Equation of State, Hydrodynamics, Methods: Numerical, Stars: General},
     year = 2000,
    month = feb,
   volume = 126,
    pages = {501-516},
      doi = {10.1086/313304},
   adsurl = {http://adsabs.harvard.edu/abs/2000ApJS..126..501T},
  adsnote = {Provided by the SAO/NASA Astrophysics Data System}
}

@ARTICLE{perl+99,
   author = {{Perlmutter}, S. and {Aldering}, G. and {Goldhaber}, G. and 
	{Knop}, R.~A. and {Nugent}, P. and {Castro}, P.~G. and {Deustua}, S. and 
	{Fabbro}, S. and {Goobar}, A. and {Groom}, D.~E. and {Hook}, I.~M. and 
	{Kim}, A.~G. and {Kim}, M.~Y. and {Lee}, J.~C. and {Nunes}, N.~J. and 
	{Pain}, R. and {Pennypacker}, C.~R. and {Quimby}, R. and {Lidman}, C. and 
	{Ellis}, R.~S. and {Irwin}, M. and {McMahon}, R.~G. and {Ruiz-Lapuente}, P. and 
	{Walton}, N. and {Schaefer}, B. and {Boyle}, B.~J. and {Filippenko}, A.~V. and 
	{Matheson}, T. and {Fruchter}, A.~S. and {Panagia}, N. and {Newberg}, H.~J.~M. and 
	{Couch}, W.~J. and {Project}, T.~S.~C.},
    title = "{Measurements of {$\Omega$} and {$\Lambda$} from 42 High-Redshift Supernovae}",
  journal = {\apj},
   eprint = {astro-ph/9812133},
 keywords = {COSMOLOGY: OBSERVATIONS, COSMOLOGY: DISTANCE SCALE, STARS: SUPERNOVAE: GENERAL, Cosmology: Observations, Cosmology: Distance Scale, Stars: Supernovae: General},
     year = 1999,
    month = jun,
   volume = 517,
    pages = {565-586},
      doi = {10.1086/307221},
   adsurl = {http://adsabs.harvard.edu/abs/1999ApJ...517..565P},
  adsnote = {Provided by the SAO/NASA Astrophysics Data System}
}

@ARTICLE{uryue98,
   author = {{Ury{\= u}}, K. and {Eriguchi}, Y.},
    title = "{Stationary Structures of Irrotational Binary Systems: Models for Close Binary Systems of Compact Stars}",
  journal = {\apjs},
   eprint = {astro-ph/9808118},
 keywords = {STARS: BINARIES: CLOSE, BLACK HOLE PHYSICS, HYDRODYNAMICS, STARS: NEUTRON, STARS: ROTATION, Stars: Binaries: Close, Black Hole Physics, Hydrodynamics, Stars: Neutron, Stars: Rotation},
     year = 1998,
    month = oct,
   volume = 118,
    pages = {563-587},
      doi = {10.1086/313146},
   adsurl = {http://adsabs.harvard.edu/abs/1998ApJS..118..563U},
  adsnote = {Provided by the SAO/NASA Astrophysics Data System}
}

@ARTICLE{ries+98,
   author = {{Riess}, A.~G. and {Filippenko}, A.~V. and {Challis}, P. and 
	{Clocchiatti}, A. and {Diercks}, A. and {Garnavich}, P.~M. and 
	{Gilliland}, R.~L. and {Hogan}, C.~J. and {Jha}, S. and {Kirshner}, R.~P. and 
	{Leibundgut}, B. and {Phillips}, M.~M. and {Reiss}, D. and {Schmidt}, B.~P. and 
	{Schommer}, R.~A. and {Smith}, R.~C. and {Spyromilio}, J. and 
	{Stubbs}, C. and {Suntzeff}, N.~B. and {Tonry}, J.},
    title = "{Observational Evidence from Supernovae for an Accelerating Universe and a Cosmological Constant}",
  journal = {\aj},
   eprint = {astro-ph/9805201},
 keywords = {COSMOLOGY: OBSERVATIONS, STARS: SUPERNOVAE: GENERAL},
     year = 1998,
    month = sep,
   volume = 116,
    pages = {1009-1038},
      doi = {10.1086/300499},
   adsurl = {http://adsabs.harvard.edu/abs/1998AJ....116.1009R},
  adsnote = {Provided by the SAO/NASA Astrophysics Data System}
}

@ARTICLE{saion98,
   author = {{Saio}, H. and {Nomoto}, K.},
    title = "{Inward Propagation of Nuclear-burning Shells in Merging C-O and He White Dwarfs}",
  journal = {\apj},
   eprint = {astro-ph/9801084},
 keywords = {ACCRETION, ACCRETION DISKS, NUCLEAR REACTIONS, NUCLEOSYNTHESIS, ABUNDANCES, STARS: EVOLUTION, STARS: INTERIORS, STARS: WHITE DWARFS, Accretion, Accretion Disks, Nuclear Reactions, Nucleosynthesis, Abundances, Stars: Evolution, Stars: Interiors, Stars: White Dwarfs},
     year = 1998,
    month = jun,
   volume = 500,
    pages = {388-397},
      doi = {10.1086/305696},
   adsurl = {http://adsabs.harvard.edu/abs/1998ApJ...500..388S},
  adsnote = {Provided by the SAO/NASA Astrophysics Data System}
}

@ARTICLE{yukabm97,
   author = {{Yukawa}, H. and {Boffin}, H.~M.~J. and {Matsuda}, T.},
    title = "{Spiral shocks in three-dimensional accretion discs}",
  journal = {\mnras},
 keywords = {Accretion Disks, Three Dimensional Models, Hydrodynamic Equations, Shock Wave Profiles, Binary Stars, Hydrostatic Pressure, Digital Simulation, High Temperature Gases},
     year = 1997,
    month = dec,
   volume = 292,
    pages = {321},
   adsurl = {http://adsabs.harvard.edu/abs/1997MNRAS.292..321Y},
  adsnote = {Provided by the SAO/NASA Astrophysics Data System}
}

@ARTICLE{segrcm97,
   author = {{Segretain}, L. and {Chabrier}, G. and {Mochkovitch}, R.},
    title = "{The Fate of Merging White Dwarfs}",
  journal = {\apj},
 keywords = {Accretion, Accretion Disks, Stars: Binaries: Close, Hydrodynamics, Stars: Interiors, Stars: White Dwarfs},
     year = 1997,
    month = may,
   volume = 481,
    pages = {355-362},
   adsurl = {http://adsabs.harvard.edu/abs/1997ApJ...481..355S},
  adsnote = {Provided by the SAO/NASA Astrophysics Data System}
}

@ARTICLE{lanzb97,
   author = {{Lanzafame}, G. and {Belvedere}, G.},
    title = "{Wind accretion in close binary systems: a 3D smoothed particle hydrodynamics simulation of disc structure and dynamics}",
  journal = {\mnras},
 keywords = {ACCRETION, ACCRETION DISCS, HYDRODYNAMICS, METHODS: NUMERICAL, BINARIES: CLOSE.},
     year = 1997,
    month = feb,
   volume = 284,
    pages = {957-966},
   adsurl = {http://adsabs.harvard.edu/abs/1997MNRAS.284..957L},
  adsnote = {Provided by the SAO/NASA Astrophysics Data System}
}

@INPROCEEDINGS{hama97,
   author = {{Hamann}, W.-R.},
    title = "{Spectra of Wolf-Rayet type central stars and their analysis (Invited Review)}",
booktitle = {Planetary Nebulae},
     year = 1997,
   series = {IAU Symposium},
   volume = 180,
   editor = {{Habing}, H.~J. and {Lamers}, H.~J.~G.~L.~M.},
    pages = {91},
   adsurl = {http://adsabs.harvard.edu/abs/1997IAUS..180...91H},
  adsnote = {Provided by the SAO/NASA Astrophysics Data System}
}

@ARTICLE{bars+95,
   author = {{Barstow}, M.~A. and {Jordan}, S. and {O'Donoghue}, D. and {Burleigh}, M.~R. and 
	{Napiwotzki}, R. and {Harrop-Allin}, M.~K.},
    title = "{RE J0317-853: the hottest known highly magnetic DA white dwarf}",
  journal = {\mnras},
 keywords = {STARS: ATMOSPHERES, STARS: INDIVIDUAL: RE J0317-853, STARS: MAGNETIC FIELDS, WHITE DWARFS, ULTRAVIOLET: STARS, X-RAYS: STARS},
     year = 1995,
    month = dec,
   volume = 277,
    pages = {971-985},
   adsurl = {http://adsabs.harvard.edu/abs/1995MNRAS.277..971B},
  adsnote = {Provided by the SAO/NASA Astrophysics Data System}
}

@ARTICLE{lairs94,
   author = {{Lai}, D. and {Rasio}, F.~A. and {Shapiro}, S.~L.},
    title = "{Hydrodynamics of rotating stars and close binary interactions: Compressible ellipsoid models}",
  journal = {\apj},
   eprint = {astro-ph/9404031},
 keywords = {Binary Stars, Hydrodynamic Equations, Polytropic Processes, Stellar Models, Stellar Oscillations, Stellar Rotation, Viscosity, Black Holes (Astronomy), Chandrasekhar Equation, Ellipsoids, Equations Of Motion, Flow Stability, Gravitational Waves},
     year = 1994,
    month = dec,
   volume = 437,
    pages = {742-769},
      doi = {10.1086/175036},
   adsurl = {http://adsabs.harvard.edu/abs/1994ApJ...437..742L},
  adsnote = {Provided by the SAO/NASA Astrophysics Data System}
}

@ARTICLE{savopl94,
   author = {{Savonije}, G.~J. and {Papaloizou}, J.~C.~B. and {Lin}, D.~N.~C.
	},
    title = "{On Tidally Induced Shocks in Accretion Discs in Close Binary Systems}",
  journal = {\mnras},
 keywords = {accretion, accretion discs - hydrodynamics - celestial mechanics, stellar dynamics - binaries: close},
     year = 1994,
    month = may,
   volume = 268,
    pages = {13},
   adsurl = {http://adsabs.harvard.edu/abs/1994MNRAS.268...13S},
  adsnote = {Provided by the SAO/NASA Astrophysics Data System}
}

@ARTICLE{rappds94,
   author = {{Rappaport}, S. and {Di Stefano}, R. and {Smith}, J.~D.},
    title = "{Formation and evolution of luminous supersoft X-ray sources}",
  journal = {\apj},
 keywords = {Binary Stars, Companion Stars, Populations, Star Formation, Stellar Evolution, Stellar Luminosity, Stellar Mass Accretion, White Dwarf Stars, X Ray Sources, Mass Transfer, Milky Way Galaxy, Monte Carlo Method, Rosat Mission, Stellar Orbits, Stellar Temperature, X Ray Astronomy},
     year = 1994,
    month = may,
   volume = 426,
    pages = {692-703},
      doi = {10.1086/174106},
   adsurl = {http://adsabs.harvard.edu/abs/1994ApJ...426..692R},
  adsnote = {Provided by the SAO/NASA Astrophysics Data System}
}

@ARTICLE{shig+92,
   author = {{Shigeyama}, T. and {Nomoto}, K. and {Yamaoka}, H. and {Thielemann}, F.-K.
	},
    title = "{Possible models for the type IA supernova 1990N}",
  journal = {\apjl},
 keywords = {Nuclear Reactions, Red Shift, Stellar Models, Stellar Spectrophotometry, Supernovae, White Dwarf Stars, Calcium, Hubble Constant, Light Curve, Silicon, Stellar Mass},
     year = 1992,
    month = feb,
   volume = 386,
    pages = {L13-L16},
      doi = {10.1086/186281},
   adsurl = {http://adsabs.harvard.edu/abs/1992ApJ...386L..13S},
  adsnote = {Provided by the SAO/NASA Astrophysics Data System}
}

@ARTICLE{mona92,
   author = {{Monaghan}, J.~J.},
    title = "{Smoothed particle hydrodynamics}",
  journal = {\araa},
 keywords = {Computational Fluid Dynamics, Finite Difference Theory, Hydrodynamics, Kernel Functions, Particle Energy, Particle Mass, Angular Momentum, Partial Differential Equations, Particle In Cell Technique, Pressure Gradients},
     year = 1992,
   volume = 30,
    pages = {543-574},
      doi = {10.1146/annurev.aa.30.090192.002551},
   adsurl = {http://adsabs.harvard.edu/abs/1992ARA%26A..30..543M},
  adsnote = {Provided by the SAO/NASA Astrophysics Data System}
}

@ARTICLE{balbh91,
   author = {{Balbus}, S.~A. and {Hawley}, J.~F.},
    title = "{A powerful local shear instability in weakly magnetized disks. I - Linear analysis. II - Nonlinear evolution}",
  journal = {\apj},
 keywords = {Accretion Disks, Magnetohydrodynamic Stability, Stellar Magnetic Fields, Stellar Mass Accretion, Boussinesq Approximation, Computational Astrophysics, Linear Systems},
     year = 1991,
    month = jul,
   volume = 376,
    pages = {214-233},
      doi = {10.1086/170270},
   adsurl = {http://adsabs.harvard.edu/abs/1991ApJ...376..214B},
  adsnote = {Provided by the SAO/NASA Astrophysics Data System}
}

@ARTICLE{benz+90,
   author = {{Benz}, W. and {Cameron}, A.~G.~W. and {Press}, W.~H. and {Bowers}, R.~L.
	},
    title = "{Dynamic mass exchange in doubly degenerate binaries. I - 0.9 and 1.2 solar mass stars}",
  journal = {\apj},
 keywords = {Binary Stars, Degenerate Matter, Stellar Evolution, Stellar Mass Accretion, Symbiotic Stars, White Dwarf Stars, Angular Momentum, Computational Astrophysics, Gravitational Waves, Stellar Temperature, Supernovae},
     year = 1990,
    month = jan,
   volume = 348,
    pages = {647-667},
      doi = {10.1086/168273},
   adsurl = {http://adsabs.harvard.edu/abs/1990ApJ...348..647B},
  adsnote = {Provided by the SAO/NASA Astrophysics Data System}
}

@ARTICLE{geroh89,
   author = {{Geroyannis}, V.~S. and {Hadjopoulos}, A.~A.},
    title = "{Models of white dwarfs under rapid uniform or differential rotation - Numerical results}",
  journal = {\apjs},
 keywords = {Computational Astrophysics, Stellar Models, Stellar Rotation, White Dwarf Stars, Error Analysis, Perturbation Theory},
     year = 1989,
    month = jul,
   volume = 70,
    pages = {661-677},
      doi = {10.1086/191351},
   adsurl = {http://adsabs.harvard.edu/abs/1989ApJS...70..661G},
  adsnote = {Provided by the SAO/NASA Astrophysics Data System}
}

@ARTICLE{hernk89,
   author = {{Hernquist}, L. and {Katz}, N.},
    title = "{TREESPH - A unification of SPH with the hierarchical tree method}",
  journal = {\apjs},
 keywords = {Computational Fluid Dynamics, Computerized Simulation, Data Smoothing, Magnetohydrodynamics, Trees (Mathematics), Dynamical Systems, Many Body Problem, Monte Carlo Method, Spatial Resolution},
     year = 1989,
    month = jun,
   volume = 70,
    pages = {419-446},
      doi = {10.1086/191344},
   adsurl = {http://adsabs.harvard.edu/abs/1989ApJS...70..419H},
  adsnote = {Provided by the SAO/NASA Astrophysics Data System}
}

@ARTICLE{sawamh86,
   author = {{Sawada}, K. and {Matsuda}, T. and {Hachisu}, I.},
    title = "{Spiral shocks on a Roche lobe overflow in a semi-detached binary system}",
  journal = {\mnras},
 keywords = {Binary Stars, Roche Limit, Shock Waves, Stellar Mass Accretion, Stellar Mass Ejection, Accretion Disks, Computational Astrophysics, Gas Flow, Specific Heat},
     year = 1986,
    month = mar,
   volume = 219,
    pages = {75-88},
   adsurl = {http://adsabs.harvard.edu/abs/1986MNRAS.219...75S},
  adsnote = {Provided by the SAO/NASA Astrophysics Data System}
}

@ARTICLE{nomoi85,
   author = {{Nomoto}, K. and {Iben}, Jr., I.},
    title = "{Carbon ignition in a rapidly accreting degenerate dwarf - A clue to the nature of the merging process in close binaries}",
  journal = {\apj},
 keywords = {Binary Stars, Carbon, Dwarf Stars, Nuclear Fusion, Stellar Evolution, Supernovae, Nuclear Fusion, Stellar Mass Accretion, Stellar Models, Stellar Structure, Stellar Temperature},
     year = 1985,
    month = oct,
   volume = 297,
    pages = {531-537},
      doi = {10.1086/163547},
   adsurl = {http://adsabs.harvard.edu/abs/1985ApJ...297..531N},
  adsnote = {Provided by the SAO/NASA Astrophysics Data System}
}

@ARTICLE{saion85,
   author = {{Saio}, H. and {Nomoto}, K.},
    title = "{Evolution of a merging pair of C + O white dwarfs to form a single neutron star}",
  journal = {\aap},
 keywords = {Binary Stars, Carbon Stars, Mass Transfer, Neutron Stars, Stellar Evolution, White Dwarf Stars, Gravitational Collapse, Oxygen, Pulsars, Stellar Mass Accretion, Stellar Mass Ejection, Stellar Models},
     year = 1985,
    month = sep,
   volume = 150,
    pages = {L21-L23},
   adsurl = {http://adsabs.harvard.edu/abs/1985A%26A...150L..21S},
  adsnote = {Provided by the SAO/NASA Astrophysics Data System}
}

@ARTICLE{webb84,
   author = {{Webbink}, R.~F.},
    title = "{Double white dwarfs as progenitors of R Coronae Borealis stars and Type I supernovae}",
  journal = {\apj},
 keywords = {Binary Stars, Corona Borealis Constellation, R Coronae Borealis Stars, Stellar Evolution, Supernovae, White Dwarf Stars, B Stars, Carbon Stars, Chandrasekhar Equation, O Stars, Stellar Mass Accretion, Stellar Mass Ejection},
     year = 1984,
    month = feb,
   volume = 277,
    pages = {355-360},
      doi = {10.1086/161701},
   adsurl = {http://adsabs.harvard.edu/abs/1984ApJ...277..355W},
  adsnote = {Provided by the SAO/NASA Astrophysics Data System}
}

@ARTICLE{eggl83,
   author = {{Eggleton}, P.~P.},
    title = "{Approximations to the radii of Roche lobes}",
  journal = {\apj},
 keywords = {Binary Stars, Celestial Mechanics, Orbital Elements, Roche Limit, Mass Ratios, Radii},
     year = 1983,
    month = may,
   volume = 268,
    pages = {368},
      doi = {10.1086/160960},
   adsurl = {http://adsabs.harvard.edu/abs/1983ApJ...268..368E},
  adsnote = {Provided by the SAO/NASA Astrophysics Data System}
}

@ARTICLE{mazumw77,
   author = {{Mazurek}, T.~J. and {Meier}, D.~L. and {Wheeler}, J.~C.},
    title = "{Inherent Problems of Detonation Formation in the Cores of 4-8 M Stars}",
  journal = {\apj},
     year = 1977,
    month = apr,
   volume = 213,
    pages = {518-526},
      doi = {10.1086/155182},
   adsurl = {http://adsabs.harvard.edu/abs/1977ApJ...213..518M},
  adsnote = {Provided by the SAO/NASA Astrophysics Data System}
}

@ARTICLE{shaks73,
   author = {{Shakura}, N.~I. and {Sunyaev}, R.~A.},
    title = "{Black holes in binary systems. Observational appearance.}",
  journal = {\aap},
     year = 1973,
   volume = 24,
    pages = {337-355},
   adsurl = {http://adsabs.harvard.edu/abs/1973A%26A....24..337S},
  adsnote = {Provided by the SAO/NASA Astrophysics Data System}
}

