@PHDTHESIS{dunl15thesis,
   author = {{Dunlap}, B.~H.},
    title = "{The Origin of Carbon-Atmosphere White Dwarfs With Implications for Type Ia Supernovae}",
   school = {University of North Carolina at Chapel Hill},
     year = 2015,
    month = June,
}

@article{vlee06,
  title={Upwind and high-resolution methods for compressible flow: From donor cell to residual-distribution schemes},
  author={Van Leer, Bram},
  journal={Communications in Computational Physics},
  volume={1},
  number={192-206},
  pages={138},
  year={2006}
}
